<?xml version="1.0" encoding="UTF-8"?><collection xmlns="http://www.loc.gov/MARC21/slim"><record><leader>00379nam--2200145-i-4500</leader><controlfield tag="001">000008235</controlfield><controlfield tag="002">20161230</controlfield><controlfield tag="005">20170114222722</controlfield><controlfield tag="008">060222s1000------------r-----000-0-eng-d</controlfield><datafield ind1=" " ind2=" " tag="080"><subfield code="a">539.14</subfield></datafield><datafield ind1=" " ind2=" " tag="245"><subfield code="a">Aed-conf.1966 38o-36, 5l, 49, 64, 7o, 72</subfield></datafield><datafield ind1=" " ind2=" " tag="260"><subfield code="a">Los Angeles, California</subfield><subfield code="b">University</subfield><subfield code="c">1966</subfield></datafield><datafield ind1=" " ind2=" " tag="300"><subfield code="a">26 p. Fotocopii</subfield></datafield><datafield ind1=" " ind2=" " tag="852"><subfield code="a">27522</subfield></datafield><datafield ind1=" " ind2=" " tag="CAT"><subfield code="a">SYS</subfield><subfield code="c">20170114</subfield><subfield code="h">222722</subfield></datafield></record></collection>